1942 3214
261 136 444 172 MALME,
480 135 563 164 DIE
595 133 965 164 VOCHYSIACEEN
998 133 1155 161 MATTO
1188 131 1406 161 GROSSOS.
1617 123 1642 159 9

23 239 271 294 specimina
308 236 500 277 floribus
541 234 772 276 nonnullis
803 233 1125 286 fructibusque
1156 231 1441 272 submaturis
1473 236 1640 271 ornata

25 305 196 359 collegi,
229 317 383 345 mense
415 302 515 343 Oct.
550 302 685 342 flores
717 300 923 341 nondum
955 304 1088 340 erant
1119 299 1308 339 evoluti.

137 370 393 413 Arbuscula
433 372 539 410 2.„.3
571 382 629 408 m.
663 368 772 408 alta.
834 367 871 407 A
904 367 1065 407 ceteris
1097 365 1421 420 speciminibus
1453 366 1496 405 in
1531 365 1646 404 Her-

26 441 153 481 bario
186 437 483 492 Regnelliano
533 435 780 476 asservatis
825 434 997 474 recedit
1042 433 1203 486 planta
1244 432 1646 485 mattogrossensis

24 506 143 547 foliis
190 504 455 556 (sessilibus)
496 501 790 555 longioribus,
824 498 1326 553 lanceolam-oblongis,
1366 501 1527 539 15—20
1558 512 1642 538 cm.

25 574 182 627 longis,
230 575 336 613 4-—7
385 584 468 611 cm.
514 569 632 616 lat-is,
666 568 795 621 apice
826 566 1089 608 rotundatis
1121 571 1167 607 et
1198 579 1316 619 saepe
1347 566 1644 611 mum-onmis,

25 640 189 681 subtus
215 642 422 678 tomento
452 636 608 683 denso,
641 633 766 674 molli
798 633 940 684 (haud
971 636 1220 687 appresso),
1253 633 1569 673 cinnamomeo
1601 646 1643 671 v.

24 708 283 761 ferrugineo
316 705 515 752 vestitis3
563 703 621 743 ab
653 703 781 742 icone
813 701 1037 742 Pohliana
1069 714 1252 754 quoque
1284 700 1403 740 foliis
1435 699 1647 753 longiori-

26 775 110 816 bus
141 772 575 828 a-ngust-ioribusque
606 768 792 810 recedit.

343 873 390 914 V.
425 871 797 924 brevipetiolata
828 870 1112 918 (VVARMING)
1146 869 1338 909 MALME.

144 953 184 984 V.
210 954 294 992 rufa
319 952 499 983 MARTms
526 949 545 993 β
575 951 841 990 brevipetiolata
871 950 1085 982 WARMth.
1113 950 1134 980 l.
1163 959 1191 980 c.
1220 960 1255 990 p.
1283 949 1327 980 66
1357 949 1506 987 (saltem
1523 947 1648 989 quoa-d

25 999 211 1039 specimen
237 995 528 1033 Riedelianum).
556 1012 597 1016 -—
624 996 782 1029 MALME,
808 995 830 1026 l.
859 1004 888 1025 e.
917 1004 951 1034 p.
979 995 1022 1026 48
1052 996 1224 1034 (excepto
1250 994 1453 1034 specimine
1478 993 1516 1023 in
1543 992 1652 1024 Serra

26 1044 73 1075 da
100 1042 279 1083 Chapada
303 1043 470 1075 collecto,
497 1040 597 1083 quod
624 1040 672 1072 ad
697 1041 862 1082 speciem
883 1038 1155 1079 praecedentem
1178 1040 1371 1079 pertinet).

140 1108 193 1149 In
243 1108 502 1149 morracios»
534 1113 580 1149 et
623 1109 669 1148 in
707 1106 880 1160 campis
910 1104 1154 1146 arboribus
1188 1105 1301 1144 raris
1333 1104 1507 1151 obsitis,
1541 1116 1652 1156 prae-

27 1177 158 1230 cipue
188 1176 234 1216 in
266 1176 466 1216 arenosis
497 1174 800 1222 subhumidis,
833 1172 1042 1227 pluribus
1073 1171 1196 1221 locis,
1216 1176 1262 1212 et
1294 1172 1339 1211 in
1372 1171 1551 1211 viciniis
1574 1184 1653 1224 op-

26 1243 119 1297 pidi
166 1242 357 1297 Cuyaba
402 1247 448 1283 et
494 1243 540 1283 in
581 1241 725 1283 Santa
765 1241 900 1281 Anna
931 1239 991 1280 da
1021 1238 1240 1293 Chapada
1277 1238 1329 1288 (I:
1368 1241 1474 1278 1540
1505 1237 1557 1286 Β,
1591 1236 1652 1277 II:

32 1314 150 1358 1851,
185 1309 245 1350 II:
280 1310 422 1360 3216).
483 1308 638 1349 Floret
670 1307 892 1361 imprimis
922 1305 1156 1347 mensibus
1187 1304 1333 1359 Aprili
1364 1309 1408 1345 et
1440 1303 1578 1356 MaJ'o.

139 1376 290 1417 Arbor
335 1377 455 1417 inter
499 1376 722 1416 maximas
760 1376 1054 1427 campestres.
1116 1371 1223 1413 Jam
1259 1371 1473 1411 foliorum
1504 1370 1654 1410 forma

27 1451 73 1486 et
104 1444 375 1486 indumento
407 1443 544 1496 [foliis
575 1442 909 1490 subsessilibus,
934 1440 1373 1482 obovato-cuneatis
1397 1453 1437 1479 v.
1463 1437 1654 1492 spathu-

27 1511 146 1560 latis,
198 1514 360 1552 15—20
405 1524 507 1560 cm„
554 1511 703 1551 rarius
734 1522 879 1562 usque
912 1511 963 1548 25
996 1522 1080 1548 0111.
1114 1507 1275 1560 longis,
1309 1510 1418 1546 5—8
1451 1519 1551 1553 cm„
1585 1518 1655 1545 ra—

30 1579 123 1619 rius
168 1591 314 1631 usque
362 1581 412 1619 10
458 1591 543 1618 cm.
590 1577 709 1625 latis,
760 1589 901 1629 supra
946 1574 1219 1628 subglabris,
1259 1573 1439 1618 subtus,
1473 1571 1653 1622 (dilute)

29 1645 405 1690 fulvescentibus.
439 1645 710 1686 tomentosis
748 1658 791 1684 v.
824 1641 1205 1697 pubescentibus]
1237 1655 1263 1682 a
1295 1640 1348 1681 V.
1385 1639 1494 1681 rufa
1524 1639 1656 1679 MAR—

29 1725 138 1754 TIUS
183 1713 374 1762 recedit;
422 1715 562 1755 etiam
592 1727 619 1754 a
650 1712 937 1767 praecedente
969 1716 1015 1752 et
1046 1725 1074 1751 a
1104 1714 1327 1763 sequente
1358 1708 1558 1762 perbene
1589 1707 1656 1748 di-

29 1782 248 1822 stinctam
279 1795 456 1834 semper
487 1781 656 1822 inveni.

144 1939 171 1970 L
516 1883 564 1923 V.
600 1881 884 1925 sessilifolia
915 1880 1179 1921 WARMING.

177 1965 181 1969 .
209 1951 237 1972 e.
263 1951 297 1981 p.
325 1941 377 1972 67.

144 2004 198 2046 111
233 2005 492 2046 ›>cerrados»
538 2009 584 2047 et
630 2006 677 2046 in
724 2005 896 2058 campis
942 2004 1225 2058 graminosis,
1273 2001 1515 2043 arboribus
1546 2000 1661 2041 raris

32 2071 205 2120 obsitis,
238 2073 285 2112 in
317 2071 460 2114 Santa
491 2071 627 2113 Anna
657 2071 717 2112 da
748 2070 967 2125 Chapada
998 2074 1044 2111 et
1076 2069 1186 2110 alibi
1218 2069 1264 2109 in
1296 2068 1430 2109 Serra
1457 2067 1518 2108 da
1545 2066 1661 2107 Cha-

31 2138 153 2192 pada
194 2152 276 2179 nec
309 2152 401 2179 non
431 2140 551 2180 inter
583 2138 716 2180 Serra
746 2138 807 2180 da
836 2136 1056 2191 Chapada
1088 2141 1134 2177 et
1165 2135 1331 2177 Cabral
1364 2135 1442 2185 (II:
1476 2137 1586 2175 3362
1621 2134 1660 2174 ὅτ,

32 2209 141 2247 3362
158 2209 221 2257 3),
256 2206 334 2247 ubi
364 2206 598 2248 mensibus
629 2206 754 2259 Majo
785 2210 831 2247 et
861 2205 1004 2246 Junio
1036 2204 1188 2252 floret,
1249 2201 1581 2244 Verosimiliter
1601 2200 1660 2242 ad

31 2273 223 2314 eandem
255 2275 451 2327 speciem
482 2274 715 2328 pertinent
746 2273 995 2327 specimina
1024 2271 1144 2312 foliis
1184 2269 1376 2311 novellis
1397 2269 1661 2310 alabastris-

33 2354 122 2393 que
167 2340 335 2382 florum
380 2346 558 2390 ornata,
607 2355 708 2394 quae
752 2341 798 2381 in
849 2339 1083 2381 »cerrado›>
1131 2337 1286 2392 paullo
1324 2342 1433 2378 ante
1463 2336 1662 2377 flammis

33 2413 203 2448 vexato
239 2407 365 2449 haud
395 2408 555 2462 procul
586 2423 611 2449 a
643 2408 834 2462 Cuyaba
864 2421 1019 2448 mense
1050 2406 1176 2448 Julio
1211 2404 1369 2458 collegi
1402 2404 1481 2455 (IL
1519 2404 1658 2453 1929).

146 2475 294 2516 Arbor
324 2476 591 2529 campestris
622 2489 781 2530 parva.
814 2475 982 2515 cortice
1013 2486 1178 2521 crasso,
1212 2471 1444 2519 suberoso,
1477 2471 1659 2511 rimoso.

622 2576 674 2617 V.
709 2575 894 2628 pumila
925 2574 1076 2615 Pom„

146 2656 367 2688 Plantarum
408 2656 572 2687 Brasiliae
613 2657 736 2686 icones
776 2657 814 2686 et
854 2655 1135 2694 descriptiones,
1187 2653 1225 2684 Π
1273 2652 1407 2691 (1831),
1446 2663 1483 2694 p.
1520 2651 1575 2683 21.
1621 2670 1662 2671 j

36 2702 248 2738 WARMING.
274 2702 297 2732 1.
325 2712 354 2733 e.
383 2711 419 2742 p.
448 2702 501 2733 69.

149 2766 291 2809 Santa
336 2767 469 2808 Anna
514 2767 574 2808 da
604 2766 837 2821 Chapada,
870 2767 917 2806 in
949 2778 1112 2819 campo
1143 2777 1350 2813 arenoSO,
1383 2764 1661 2818 graminoso,

36 2834 313 2875 subhumido
349 2835 427 2886 (112
462 2837 584 2883 2339,
619 2837 772 2875 23393
807 2834 842 2874 &
864 2835 985 2873 ·2339
1003 2832 1071 2882 b);
1105 2831 1354 2885 specimina
1375 2830 1567 2871 floribus
1589 2843 1659 2871 or-

38 2907 148 2942 nata
179 2901 337 2956 collegi
368 2915 521 2942 mense
553 2901 677 2955 Sept.

150 2983 258 3012 Arhia.-
282 2984 338 3020 sc'ir
365 2983 510 3013 hoeanile.
565 2983 612 3011 Bc]
638 2985 665 3013 5,
719 2983 779 3011 Nn)
807 2986 836 3011 6.
1548 2979 1569 3008 ‘2
